@ARTICLE{Gaiaschi2021347,
	author = {Gaiaschi, Camilla},
	title = {University and culture of excellence. More meritocratic for whom? Gender aporias in the Italian academia; [Università e cultura dell’eccellenza. Più meritocratica per chi? Aporie di genere nell’accademia italiana]},
	year = {2021},
	journal = {Etnografia e Ricerca Qualitativa},
	number = {2},
	pages = {347 – 371},
	doi = {10.3240/101575},
	url = {https://www.scopus.com/inward/record.uri?eid=2-s2.0-85122202440&doi=10.3240%2f101575&partnerID=40&md5=ed6f0e9ad9618378730d6da8423b0590},
	type = {Article},
	publication_stage = {Final},
	source = {Scopus},
	note = {Cited by: 0}
}